@string {icassp = "Proc. IEEE Int. Conf. Acoust., Speech, and Signal Proc."}
@string {icip = "Proc. IEEE Int. Conf. Image Proc."}
@string {icc = "Proc. IEEE Int. Conf. Commun."}
@string {iscas = "Proc. IEEE Int. Symp. Circ. and Syst."}
@string {globecom = "Proc. IEEE Glob. Telecommun. Conf."}
@string {pvw = "Abstr. Second Int. Workshop on Packet Video"}
@string {spie = "Proc. SPIE Conf. on Vis. Commun. and Image Proc."}
@string {assp = "IEEE Trans. Acoust., Speech, and Signal Proc."}
@string {tsp = "IEEE Trans. Signal Proc."}
@string {tip = "IEEE Trans. Image Proc."}
@string {asspmag = "IEEE ASSP Mag."}
@string {aspmag = "IEEE Sig. Proc. Mag."}
@string {com = "IEEE Trans. Commun."}
@string {jsac = "IEEE J. on Sel. Areas in Commun."}
@string {cas = "IEEE Trans. Circ. and Syst."}
@string {cirsysvideo = "IEEE Trans. Circ. and Syst. for Video Tech."}
@string {pami = "IEEE Trans. Patt. Anal. and Mach. Intell."}
@string {brc = "IEEE Trans. Broadcast."}
@string {cons = "IEEE Trans. Cons. Electr."}
@string {educ = "IEEE Trans. Educ."}
@string {info = "IEEE Trans. Info. Theory"}
@string {ieee = "Proc. IEEE"}
@string {sp = "Signal Proc."}
@string {siam = "SIAM J. of Math. Anal."}
@string {ellet = "Electr. Letters"}
@string {cpam = "Commun. on Pure and Appl. Math."}
@string {improc = "IEEE Trans. Image Proc."}
@string {ams = "Trans. Amer. Math. Soc."}
@string {acha = "J. of Appl. and Comput. Harmonic Analysis"}
@string {bstj = "Bell System Tech. J."}
@string {astat = "Annals of Stat."}
@string{ijcv = "International Journal of Computer Vision"}
@string{mms = "SIAM Multiscale Modeling and Simulation"}
@string{tog = "ACM Transactions on Graphics"}
@string{jmiv = "Journal of Mathematical Imaging and Vision"}

@Article{FX-ref,
  author =	"L. Risser and F.-X. Vialard and R. Wolz and M. Murgasova and D. Holm  and D. Rueckert",
  title ="Simultaneous Multiscale Registration using Large Deformation Diffeomorphic Metric Mapping",
  journal =	"IEEE Transactions on Medical Imaging",
  pages = "1746--1759",
  volume = "30",
  number = "10",
  year = "2011",
}

@Article{Pennec,
	title = "Probabilities and statistics on Riemannian manifolds: Basic tools for geometric measurements",
	journal = "Proceedings of the IEEE-Eurasip workshop on Nonlinear Signal and Image Processing, Bogazici University, Istambul",
	author ="X.Pennec",
	year = "1999",
	pages="194-198",
	
}


@Article{Rumpf,
	title = "Geodesics in shape space via variational time discretization",
	journal = "Proceedings of the 7th International Conference on Energy Minimization Methods in Computer Vision and Pattern Recognition (EMMCVPR'09), Lecture Notes in Computer Science",
	author ="B. Wirth and L. Bar and M. Rumpf and G. Sapiro",
	year = "2009",
	volume="5681",
	pages="288--302",
	
}

@Article{Bredies,
	title = "Total generalized variation",
	journal = "SIAM Journal on Imaging Sciences,",
	author ="K. Bredies and K. Kunisch and T. Pock",
	year = "2010",
	volume="3(3)",
	pages="492--526",
	
}

@Article{Iounesco,
	title = "Topics in the {T}heory of {L}ifting",
	journal = "Springer",
	author ="A. Iounesco Tulcea and C. Iounesco Tulcea",
	year = "1969",
	
}


@Article{Chatterji,
	title = "Martingales of {B}anach valued random variables",
	journal = "Bull. of American Math. Soc.",
	author ="S.D. Chatterji",
	volume = "66",
	year = "1960",
	pages = "395--398",
}


@Article{Maitine-BV2,
	title = " Mathematical analysis of a {INF}-convolution model for image processing",
	journal = "J. Optim. Theory Appl.",
	author ="M. Bergounioux",
	pages="1--21",
	volume="168",
	year="2016",

}

@Article{MZ,
	title = "Integral inequalities of {P}oincar\'e and {W}irtinger type for {BV} functions",
	journal = "Ann. J. Math.",
	author ="N.G.Meyers and W.P.Ziemer",
	volume = "99",
	year = "1977",
	pages = "1345--1360",
}

@Article{Pauw,
	title = "On {SBV} dual",
	journal = "Indiana {U}niv. {M}ath. {J}.",
	author ="T. de Pauw",
	volume = "47",
	year = "1998",
	pages = "99--121",
}


%%%% BV2 geodesic%%%
@Article{ RY,
	title = "Continuous martingales and {B}rownian {M}otion ",
	author = "D. Revuz and M. Yor",
	journal = " Springer ",
	year = "1999 (Third edition)"
}

@Article{Durett,
	title = "Probability: {T}heory and {E}xamples",
	author = "R. Durett",
	journal = " Cambridge University Press ",
	year = "2010"
}

@Article{Bochner_dual_2,
	title = "The dual of the {B}ochner space ${L}^p(\mu,E)$ for arbitrary $\mu$",
	journal = "Turkish  J. of Math.",
	author ="B. Cengiz",
	volume = "22",
	year = "1998",
	pages = "343-348"
}

@Article{Bochner_dual,
	title = "Linear functionals on certain spaces of abstractly-valued functions",
	author = "S. Bochner and R. E. Taylor",
	journal = "Ann. of Math. (2)",
	volume = "39",
	year = "1938",
	pages = "913-944"
}

@Article{ MN,
	title = "A coarea-type formula for the relaxation of a generalized elastica functional",
	author = "S. Masnou and G. Nardi",
	journal = "Journal of {C}onvex {A}nalysis",
	volume = "20 (3)",
	year = "2013",
	pages = "617--653"
}

@Article{Mord,
	title = "Variation {A}nalysis and {G}eneralized {D}ifferentiation {II}, {A}pplications",
	author = "B.S. Mordukhovich",
	journal = "Springer",
	year = "2013",
}

@Article{HR,
	title = "Morse theory ",
	author = "J. Milnor",
	journal = "Annals of Math. Studies, No. 51, Princeton University Press",
	year = "1963",
}

@Article{Ekland,
	title = "The {Hopf-Rinow} theorem in infinite dimension ",
	author = "I. Ekeland",
	journal = "J. Differential Geom", 
	volume = "13",
	number = 2,
	pages ="287--301",
	year = "1978",
}
@article {MR3132089,
    AUTHOR = {Michor, P. W. and Mumford, D.},
     TITLE = {A zoo of diffeomorphism groups on {$\Bbb{R}^n$}},
   JOURNAL = {Ann. Global Anal. Geom.},
  FJOURNAL = {Annals of Global Analysis and Geometry},
    VOLUME = {44},
      YEAR = {2013},
    NUMBER = {4},
     PAGES = {529--540},
      ISSN = {0232-704X},
     CODEN = {AGAGDV},
   MRCLASS = {Preliminary Data},
  MRNUMBER = {3132089},
       DOI = {10.1007/s10455-013-9380-2},
       URL = {http://dx.doi.org/10.1007/s10455-013-9380-2},
}
		
@article {MR3132079,
    AUTHOR = {Bauer, M. and Bruveris, M. and Michor, P. W.},
     TITLE = {Geodesic distance for right invariant {S}obolev metrics of
              fractional order on the diffeomorphism group. {II}},
   JOURNAL = {Ann. Global Anal. Geom.},
  FJOURNAL = {Annals of Global Analysis and Geometry},
    VOLUME = {44},
      YEAR = {2013},
    NUMBER = {4},
     PAGES = {361--368},
      ISSN = {0232-704X},
     CODEN = {AGAGDV},
   MRCLASS = {Preliminary Data},
  MRNUMBER = {3132079},
       DOI = {10.1007/s10455-013-9370-4},
       URL = {http://dx.doi.org/10.1007/s10455-013-9370-4},
}
		
@article {MR3110104,
    AUTHOR = {Mumford, D. and Michor, P. W.},
     TITLE = {On {E}uler's equation and `{EPD}iff'},
   JOURNAL = {J. Geom. Mech.},
  FJOURNAL = {Journal of Geometric Mechanics},
    VOLUME = {5},
      YEAR = {2013},
    NUMBER = {3},
     PAGES = {319--344},
      ISSN = {1941-4889},
   MRCLASS = {35Q31 (35C08)},
  MRNUMBER = {3110104},
       DOI = {10.3934/jgm.2013.5.319},
       URL = {http://dx.doi.org/10.3934/jgm.2013.5.319},
}
		
@article {MR3080480,
    AUTHOR = {Bauer, M. and Harms, P. and Michor, P. W.},
     TITLE = {Sobolev metrics on the manifold of all {R}iemannian metrics},
   JOURNAL = {J. Differential Geom.},
  FJOURNAL = {Journal of Differential Geometry},
    VOLUME = {94},
      YEAR = {2013},
    NUMBER = {2},
     PAGES = {187--208},
      ISSN = {0022-040X},
     CODEN = {JDGEAS},
   MRCLASS = {58D17 (53C22 53C44 58B20 58E30)},
  MRNUMBER = {3080480},
MRREVIEWER = {Nikolai K. Smolentsev},
       URL = {http://projecteuclid.org/getRecord?id=euclid.jdg/1367438647},
}
		
@article {MR3011892,
    AUTHOR = {Bauer, M. and Harms, P. and Michor, P. W.},
     TITLE = {Sobolev metrics on shape space, {II}: {W}eighted {S}obolev
              metrics and almost local metrics},
   JOURNAL = {J. Geom. Mech.},
  FJOURNAL = {Journal of Geometric Mechanics},
    VOLUME = {4},
      YEAR = {2012},
    NUMBER = {4},
     PAGES = {365--383},
      ISSN = {1941-4889},
   MRCLASS = {58D10 (58B20 58D15 58E12 58E30)},
  MRNUMBER = {3011892},
MRREVIEWER = {Agostino Pr{\'a}staro},
}

@article {MR0400283,
    AUTHOR = {Atkin, C. J.},
     TITLE = {The {H}opf-{R}inow theorem is false in infinite dimensions},
   JOURNAL = {Bull. London Math. Soc.},
  FJOURNAL = {The Bulletin of the London Mathematical Society},
    VOLUME = {7},
      YEAR = {1975},
    NUMBER = {3},
     PAGES = {261--266},
      ISSN = {0024-6093},
   MRCLASS = {58B20 (58E10)},
  MRNUMBER = {0400283 (53 \#4118)},
MRREVIEWER = {C. Bessaga},
}
	


@article {MR0188943,
    AUTHOR = {Grossman, N.},
     TITLE = {Hilbert manifolds without epiconjugate points},
   JOURNAL = {Proc. Amer. Math. Soc.},
  FJOURNAL = {Proceedings of the American Mathematical Society},
    VOLUME = {16},
    number = 6, 
      YEAR = {1965},
     PAGES = {1365--1371},
      ISSN = {0002-9939},
   MRCLASS = {57.55 (53.72)},
  MRNUMBER = {0188943 (32 \#6370)},
MRREVIEWER = {S. Kobayashi},
}

@article{2013arXiv1305.1150B,
year={2014},
journal={Journal of Mathematical Imaging and Vision},
title={Overview of the Geometries of Shape Spaces and Diffeomorphism Groups},
publisher={Springer US},
   author = {{Bauer}, M. and {Bruveris}, M. and {Michor}, P.~W.},
pages={60--97},
}



@Article{Bruveris,
	title = " Geodesic Completeness for {S}obolev Metrics on the Space of Immersed Plane Curves",
	author = "M. Bruveris and P. W. Michor and D. Mumford",
	journal = "Forum Math. Sigma, 2",
	year = " 2014, e19",
}



@Article{Atkin,
	title = " The Hopf-Rinow theorem is false in infinite dimensions",
	author = "C. J. Atkin",
	journal = " Bull. London
Math. Soc. 7",
	year = "1975",
	pages = "261-266"
}

@Article{Grossman,
	title = " Hubert manifolds without epiconjugate points",
	author = "N. Grossman",
	journal = "Proc. Amer. Math.
Soc. 16",
	year = "1965",
	pages = "1365-1371"
}

@Article{MacAlpin,
	title = "PhD. Thesis ",
	author = "J. MacAlpin",
	journal = "Columbia University",
	year = "1965",
}


@Article{BV-Sob,
	title = "On embeddings between ${BV}$ and ${W}^{s,p}$",
	author = "B.J. Schmitt and M. Winkler",
	journal = "Preprint, Aachen Univ.",
	year = "1999",
}

@Article{Frac-Sobolev,
	title = "Hitchhiker's guide
to the fractional {S}obolev spaces ",
	author = "E. Di Nezza and G. Palatuccia and E. Valdinoci",
	journal = "Bull. Sci. math. ",
	volume = "136",
	number = 5,
	year = "2012",
	pages= "521--573"
}


@Article{ RY,
	title = "Continuous martingales and {B}rownian {M}otion ",
	author = "D. Revuz and M. Yor",
	journal = " Springer ",
	year = "1998"
}

@Article{ Rigid-evol,
	title = "Finsler {S}teepest {D}escent with {A}pplications to {P}iecewise-regular {C}urve  {E}volution",
	author = "G. Charpiat and G. Peyr\'e and G.Nardi and  F.-X. Vialard",
	journal = "Interfaces Free Bound.",
	year = "2013, to appear "
}

@article{Brezis,
    author = {H. Brezis},
    journal = {Springer},
    year = {2010},
    title = {Functional {A}nalysis, {S}obolev  {S}paces, and {P}artial {D}ifferential {E}quations},
  }  
  }

@article{EG,
	title = "Measure theory and fine properties of functions",
	author = "L. Evans and R.F. Garipey",
	journal = "CRC Press",
	year = "1992",
}

@article{MuMi_ov,
	title = "An overview of the {R}iemannian metrics on spaces of curves using the hamiltonian approach",
	author = "P. W. Michor and D. Mumford",
	journal = "Applied and {C}omputational {H}armonic {A}nalysis",
	volume = "27",
	number = 1,
	pages = "74--113",
	year = "2007",
}

@article{Younes-book,
	title = "Shapes and {D}iffeomorphisms",
	author = "L. Younes",
	volume={171},
	journal = "Applied {M}athematical {S}cience, Springer",
	year = "2010",
}


  
%%%%%%%Biblio non-rigide, piecewise-rigid registration (computer vision) 

@article{currents-matching,
    author = {M. Vaillant  and  J. Glaun\`{e}s},
    journal = {Information Processing in Medical Imaging, Lecture Notes in Computer Science},
    volume = {3565},
    year = {2005},
    pages = {381--392},
    title = {Surface matching via currents }
  }  
  
  @article{rkhs,
    author = {Wahba, G.},
    journal = {CBMS-NSF Regional conference series. SIAM},
    year = {1990},
    title = {Spline Models for Observational Data }
  } 
  
    @article{rkhs2,
    author = {N. Aronszajn},
    journal = {Trans. Am. Math. Soc.},
    volume = {68},
    pages = {337--404},
    year = {1950},
    title = {Theory of reproducing kernels}
  } 


@article{citeulike,
    author = {Chen, Y. and Medioni, G.},
    journal = {Robotics and Automation, 1991. Proceedings., 1991 IEEE International
Conference on},
    keywords = {icp, registration},
    location = {Sacramento, CA, USA},
    pages = {2724--2729},
    priority = {2},
    title = {Object modeling by registration of multiple range images},
    url = {http://dx.doi.org/10.1109/robot.1991.132043},
    year = {1991}
}
@article{Besl-1992,
 author = {Besl, Paul J. and McKay, Neil D.},
 title = {A Method for Registration of 3-D Shapes},
 journal = {IEEE Trans. Pattern Anal. Mach. Intell.},
 issue_date = {February 1992},
 volume = {14},
 number = {2},
 month = feb,
 year = {1992},
 issn = {0162-8828},
 pages = {239--256},
 numpages = {18},
 url = {http://dx.doi.org/10.1109/34.121791},
 doi = {10.1109/34.121791},
 acmid = {132022},
 publisher = {IEEE Computer Society},
 address = {Washington, DC, USA},
 keywords = {3D shape registration, computational geometry, convergence, convergence
of numerical methods, geometric entity, geometric model, iterative closest point,
iterative methods, mean-square distance metric, optimisation, pattern recognition,
picture processing, point set registration},
}


@article{chang08articulated,
        author = {Chang, W.  and Zwicker, M. },
        title = {Automatic Registration for Articulated Shapes},
        journal = {Computer Graphics Forum (Proceedings of SGP 2008)},
        volume = {27},
        number = {5},
        year = {2008},
        pages = {1459--1468},
        address = {Copenhagen, Denmark}
}



@article{Shelton-2000,
 author = {Shelton, C.R.},
 title = {Morphable Surface Models},
 journal = {Int. J. Comput. Vision},
 issue_date = {June 2000},
 volume = {38},
 number = {1},
 month = jun,
 year = {2000},
 issn = {0920-5691},
 pages = {75--91},
 numpages = {17},
 url = {http://dx.doi.org/10.1023/A:1008170818506},
 doi = {10.1023/A:1008170818506},
 publisher = {Kluwer Academic Publishers},
}



@inproceedings{Hahnel-2003,
 author = {Hahnel, Dirk and Thrun, Sebastian and Burgard, Wolfram},
 title = {An extension of the ICP algorithm for modeling nonrigid objects with
mobile robots},
 booktitle = {Proceedings of the 18th international joint conference on Artificial
intelligence},
 series = {IJCAI'03},
 year = {2003},
 location = {Acapulco, Mexico},
 pages = {915--920},
 numpages = {6},
 url = {http://dl.acm.org/citation.cfm?id=1630659.1630791},
 acmid = {1630791},
 publisher = {Morgan Kaufmann Publishers Inc.},
 address = {San Francisco, CA, USA},
}


%%%%%% Optimization and BV2 Functions%%%%%%%%%%
@Article{convex-optimization,
	title = "Convex Optimization",
	author = "S. Boyd and L. Vandenberghe",
	journal = "Cambridge University Press",
	year = "2004",
}


@Article{Clarke,
	title = "On the inverse function theorem",
	author = "F. H. Clarke",
	journal = "Pacific J. Math.",
	volume = "64",
	year = "1976",
	pages = "97-102",
}


@Article{Nocedal,
	title = "Numerical Optimization",
	author = "J. Nocedal and S.J. Wright",
	journal = "Springer",
	year = "1999",
}

@Article{ Dal,
	title = "An {I}ntroduction to {$\Gamma$}-{C}onvergence",
	author = "G. Dal Maso",
	journal = "Progress in Nonlinear Differential Equations and their Applications ",
	volume = "8",
	year = "1993",
	journal1 = {Birkh{\"a}user}
}


@Article{ AFP,
	title = "Functions of {B}ounded {V}ariation and {F}ree {D}iscontinuity {P}roblems",
	author = "L. Ambrosio and N. Fusco and D. Pallara",
	journal = "Oxford Science Publications",
	year = "2000"
}

@Article{Demengel,
	title = "Fonctions \`a hessien born\'e",
	author = "F. Demengel",
	journal = "Annales de l'Institut Fourier",
    volume =	"34",
    year = 	"1984",
    number =	"2",
    pages =	"155-190",

}

@Article{bergounioux-bv2,
  author =	"M. Bergounioux and L. Piffet",
  title =	"A Second-Order Model for Image Denoising",
  journal =	"Set Valued and Variational Analysis",
  volume =	"18",
  year = 	"2010",
  number =	"3",
  pages =	"277--306",
}

%%%%%%% Optimization on manifolds %%%%%%%

@Article{Opt-manifolds,
  author =	"P.-A. Absil and  R. Mahony and R. Sepulchre",
  title =	"Optimization on manifolds: {M}ethods and
applications",
  journal =	"{R}ecent {A}dvances in {O}ptimization and its {A}pplications in {E}ngineering. {T}he 14th {B}elgian-{F}rench-{G}erman {C}onference on {O}ptimization. {S}pringer",
  year = 	"2010",
  pages =	"125-144",
}

@Article{Ring-opti-manifolds,
  author =	"W.Ring and  B.Wirth",  
  title =	"Optimization methods on {Riemannian} manifolds and their application to shape
space",
  journal =	"SIAM Journal on Optimization",
  volume =	"22(2)",
  year = 	"2012",
  pages =	"596--627",
}

@Article{AGS,
  author =	"L. Ambrosio and N. Gigli and L. Savar\'e",
  title =	"{G}radient {F}lows in {M}etric {S}paces and in {S}paces of the {P}robability {M}easures",
  journal =	"Birkh{\"a}user",
  year = 	"2008",

}
%%%%%%%%%%%%%%%% Optimization banach sapces%%%%%%%%%%

@Article{Ulbrich,
  author =	"M. Hinze and R. Pinnau and  M. Ulbrich and S. Ulbrich",
  title =	" Optimization with {PDE}-{C}onstraints",
  journal =	"Springer ",
  year = 	"2008",
}


@Article{prox-banach-1,
  author =	"Y. I. Alber and  R. S. Burachik and  A. N. Iusem",
  title =	"A proximal point method for nonsmooth convex optimization problems in Banach spaces",
  journal =	"Abstract and Applied Analysis ",
  volume =	"2",
  number= "Issue 1-2",
  year = 	"1997",
  pages =	"97--120",
}

@Article{prox-banach-2,
  author =	"K.Aoyama and  F.Kohsaka and W.Takahashi
Abstract.",
  title =	"Proximal {P}oint {M}ethods {F}or {M}onotone {O}perators
{I}n {B}anach {S}paces",
  journal =	"Taiwanese {J}ournal of {M}athematics",
  volume =	"15",
  number= "1",
  year = 	"2011",
  pages =	"259--281",
}

%%%%%%%Spaces of curves and Riemannian  metrics%%%%%%%%%%%




@Article{Glaunes-matching,
  author =	"J. Glaunes and A. Trouv\'{e} and L. Younes",
  title =	"Diffeomorphic matching of distributions : A
new approach for unlabelled point-sets and sub-manifolds matching",
  journal =	"Proceedings
of CVPR'04 ",
  year = 	"2004",
}


@Article{Younes-explicit-geodesic,
  author =	"L. Younes and P. W. Michor and  J. Shah and D. Mumford",
  title =	"A metric on shape
space with explicit geodesics",
  journal =	" Atti Accad. Naz. Lincei Cl. Sci. Fis. Mat. Natur.
Rend. Lincei (9)  Mat. Appl.",
  volume =	"19",
  number= "1",
  year = 	"2008",
  pages =	"25--57",
}

@article{Mennucci-filtering,
author = {Sundaramoorthi, G. and Mennucci, A. and Soatto, S. and Yezzi, A.},
title = {A New Geometric Metric in the Space of Curves, and Applications to Tracking Deforming Objects by Prediction and Filtering},
journal = {SIAM Journal on Imaging Sciences},
volume = {4},
number = {1},
pages = {109-145},
year = {2011},
doi = {10.1137/090781139},
URL = {http://epubs.siam.org/doi/abs/10.1137/090781139},
eprint = {http://epubs.siam.org/doi/pdf/10.1137/090781139}
}



@Article{Mennucci-Stiefel-manifolds,
  author =	" P. Harms and A. Mennucci",
  title =	"Geodesics in infinite dimensional {S}tiefel and
{G}rassmann manifolds",
  journal =	"submitted",
  year = 	"2010",
}


@Article{Kilian-shape-space,
  author =	"M. Kilian and N.J. Mitra and and H. Pottmann",
  title =	"Geometric modeling in shape space",
  journal =	"ACM Transactions on Graphics",
  volume =	"26",
  number = 3, 
  year = 	"2007",
  pages =	" 1--8",
}

@Article{Mi-Mum,
  author =	"P. W. Michor and D. Mumford ",
  title =	"{Riemannian} geometries on spaces of plane
curves ",
  journal =	"J. Eur. Math. Soc. (JEMS)",
  volume =	"8",
  number = 1, 
  year = 	"2006",
  pages =	"1--48",
}

@Article{charpiat-generalized-gradient,
  author =	"G. Charpiat and P. Maurel and J. P. Pons and R.
		 Keriven and O. D. Faugeras",
  title =	"Generalized {G}radients: {P}riors on {M}inimization {F}lows",
  journal =	ijcv,
  volume =	"73",
  year = 	"2007",
  number =	"3",
  month =	jul,
  pages =	"325--344",
}

@Article{sundaramoorthi-sobolev-active,
  author =	"G. Sundaramoorthi and A. J. Yezzi and A. C. Mennucci",
  title =	"Sobolev {A}ctive {C}ontours",
  journal =	ijcv,
  volume =	"73",
  year = 	"2007",
  number =	"3",
  month =	jul,
  pages =	"345--366",
}
@Article{sundaramoorthi-new-possibilities,
  author =	"G. Sundaramoorthi and A. J. Yezzi and A. C. Mennucci
		 and G. Sapiro",
  title =	"New {P}ossibilities with {S}obolev {A}ctive {C}ontours",
  journal =	"International Journal of Computer Vision",
  volume =	"84",
  year = 	"2009",
  number =	"2",
  month =	aug,
  pages =	"113--129",
}
@Article{Yezzi-H2,
  author =	"G. Sundaramoorthi and A. J. Yezzi and A. C. Mennucci",
  title =	"Properties of {S}obolev-type metrics  in the space of curves ",
  journal =	"Interfaces  Free Bound., European Mathematical Society",
  volume =	"10",
  year = 	"2008",
  number = "4",
  pages =	" 423--445",
}

@InProceedings{Niethammer_GeodReg,
  title =	"Geodesic Regression for Image Time-Series",
  author =	"M. Niethammer and Y. Huang and F-X. Vialard",
  booktitle =	"Medical Image Computing and Computer-Assisted Intervention, Gabor Fichtinger, A. L. Martel and T. M.
		 Peters, eds., Lecture Notes in Computer Science",
  publisher =	"Springer",
  year = 	"2011",
  volume =	"6892",
  pages =	"655--662",

}




@ARTICLE{2010.03.20,
  author = {Trouv{\'e}, A. and Vialard, F-X.},
  title = {Shape splines and stochastic shape evolutions: A second order point
	of view},
  journal = {Quarterly of Applied Mathematics},
  volume = 70, 
  pages = "219--251",  
  year = {2012},
  owner = {fvialard},
  timestamp = {2012.03.09}
}




%%%%%%%%%%Segmentation and registration %%%%%%%%

@Article{CV-01,
  pages =	"266-277",
  year = 	"2001",
  title =	"Active contours without edges",
  author =	"T. Chan and L. Vese",
  volume =	"10",
  number =	"2",
  journal =	"IEEE Transactions on Image Processing",
}

@Article{Kass88Snakes,
  author =	{M. Kass and A. Witkin and D. Terzopoulos},
  title =	{Snakes: Active Contour Models},
  journal = 	ijcv,
  year = 	1988,
  month =	jan,
  volume = 	1,
  number =	4,
  pages = 	{321--331}
}

@article{caselles-active-contours,
	author = "V. Caselles and R. Kimmel  and G. Sapiro",
	title = "Geodesic Active Contours",
	volume = 22,
	number = 1,
	journal = ijcv,
	year = 1997,
	pages = 	"61--79",
}


@Article{Younes-elastic-distance,
  author =	"L. Younes",
  title =	"Computable elastic distances between shapes",
  journal =	"SIAM Journal of Applied
Mathematics",
  volume =	"58(2)",
  year = 	"1998",
  pages =	"565--586",
}

@Article{Pons-points-correspondence,
  author =	"J.-P. Pons and  G. Hermosillo and  R. Keriven and O. Faugeras ",
  title =	"How to deal with point
correspondences and tangential velocities in the level set framework",
  journal =	"International Conference on Computer Vision",
  volume =	"2",
  year = 	"2003",
  pages =	"894–899",
}


%%%%%%

@Article{MaMi,
  author =	"P. W. Michor and D. Mumford",
  title =	"{Riemannian} geometries on spaces of plane curves",
  journal =	"J. Eur. Math. Soc. ",
  volume =	"8",
  year = 	"2006",
  pages =	"1-48",
}

@Article {Mennucci-CIME,
author = {A. C. Mennucci },
title = {Level Set and {PDE} based Reconstruction Methods: Applications
to Inverse Problems and Image Processing},
journal = {Lecture Notes in Mathematics, Lectures given at the C.I.M.E. Summer School held in Cetraro,
8-13 September 2008, Springer-Verlag},
year = {2013},}

@Article{RF-geometry,
  author =	"D. Bao and S.S. Chern and Z. Shen",
  title =	"An introduction to {R}iemaniann-{F}insler geometry",
  journal =	"Springer-Verlag New York, Inc.",
  year = 	"2000",
}

@InProceedings{charpiat-new-metrics,
  author =	"G. Charpiat and R. Keriven and J. P. Pons and O. D. Faugeras",
  title =	"Designing Spatially Coherent Minimizing Flows for
		 Variational Problems Based on Active Contours",
  booktitle =	"Tenth {IEEE} International Conference on Computer Vision, IEEE Computer Society, Los Alamitos, CA",
  year = 	"2005",
  pages =	"1403--1408",
}


@Article{Yezzi-Menn-2005a,
  author =	"A. Yezzi and A. Mennucci",
  title =	"Metrics in the space of curves",
 journal ="arXiv:Math/ 0412454v2",
 year = "2005",
}

@INPROCEEDINGS{Yezzi-Menn-2005b, 
author={Yezzi, A. and Mennucci, A.}, 
booktitle={Tenth IEEE International Conference on Computer Vision, IEEE Computer Society, Vol. 1, Los Alamitos, CA}, 
title={Conformal metrics and true ``gradient flows'' for curves}, 
year={2005}, 
pages={913--919}, 
}


%%%%%%%%%%%%% Active contours%%%%%%%%%%%%%%%%%%%%%%



@Article{Caselles-edge-based,
  author =	{V. Caselles and F. Catte and T. Coll and F. Dibos},
  title =	{A geometric model for edge detection},
  journal = 	"Numerische Mathematik",
  year = 	"1993",
  volume = 	"66",
  pages = 	{1-31}
}
 
@Article{malladi-shape-modeling,
  pages =	"158--175",
  year = 	"1995",
  title =	"Shape Modeling with Front Propagation: {A} Level Set
		 Approach",
  author =	"R. Malladi and J. A. Sethian and B. C. Vemuri",
  volume =	"17",
  number =	"2",
  journal =	pami,
}
%%%region-based energy%%%%% 

@Article{MS-85,
  author =	{D. Mumford and J. Shah},
  title =	{Boundary detection by minimizing functionals},
  journal = 	" In Proc. IEEE conf. computer vision pattern recognition",
  year = "1985",

}


%%%% complex geometrical information%%%

@article{SY-05,
	author = "G. Sundaramoorthi and A.J. Yezzi",
	title = "More-than-topology-preserving flows for active contours and polygons",
	journal = "ICCV",
	year = "2005",
	pages = 	"1276-1283",
}

@article{GV-07,
	author = "C.L. Guyader and L. Vese",
	title = "Geodesic Active Contours",
	journal = "Self-repelling snakes for topology
segmentation models (Technical Report). UCLA",
	year = "2007",
}

%%%%%%%%%%%matching%%%%%%%%

@article{Younes-04,
	author = " M. Vaillant and M. I. Miller and  L. Younes and A. Trouv\'e",
	title = "Statistics on diffeomorphisms via tangent space representations",
	journal = "NeuroImage",
	  volume =	"23",
  number =	"1",
	year = "2004",
	pages ="S161-S169",
}
%%%%%%%%%%%%%%%%%%%%%%%%%%%%%%%%%%%%%%%%%%%%%%%%%%%%%%%%%%%

@InProceedings{sundaramoorthi-2006,
  author =	"G. Sundaramoorthi and J. D. Jackson and A. J. Yezzi
		 and A. C. Mennucci",
  title =	"Tracking With {S}obolev Active Contours",
  booktitle =	"IEEE Computer Society Conference on Computer Vision and Pattern Recognition, IEEE Computer Society, Los Alamitos, CA ",
  year = 	"2006",
  pages =	"I674--680",
}



@Article{sundaramoorthi-pami,
  author =	"G. Sundaramoorthi and A. J. Yezzi and A. Mennucci",
  title =	"Coarse-to-{F}ine {S}egmentation and {T}racking {U}sing {S}obolev
		 {A}ctive {C}ontours",
  journal =	pami,
  volume =	"30",
  year = 	"2008",
  number =	"5",
  month =	may,
  pages =	"851--864",
}



%%%%%%%%%%%%%%%%%%%%%%%%      Diffeos        %%%%%%%%%%%%%%%%%%%%%%%%%%%%%%%%%%

@ARTICLE{Inci2013,
author = "H. Inci and T. Kappeler and P. Topalov",
title = "On the Regularity of the Composition of Diffeomorphisms",
journal = "Memoirs of the American Mathematical Society",
year = "2013",
volume = "226",
number = "1062",
publisher = {American Mathematical Society},
}


%%%%%%%%%%%%%%%%%%%%%%%%%%%%%%%%%%



@ARTICLE{jacques-dequant,
AUTHOR = {L. Jacques and D. K. Hammond and M. J. Fadili},
TITLE = "Dequantizing Compressed Sensing: When Oversampling and Non-Gaussian Constraints Combine",
JOURNAL = "Preprint",
YEAR =2010
}


@ARTICLE{chambolle-admm,
AUTHOR = {A. Chambolle and T. Pock},
TITLE = "A first-order primal-dual algorithm for convex problems with applications to imaging",
JOURNAL = "Preprint CMAP-685",
YEAR =2010
}

		

@ARTICLE{rof,
  author = "L.I. Rudin and S. Osher and E. Fatemi",
  title = "Nonlinear total variation based noise removal algorithms",
  journal = "Physica D",
  volume = 60,
  number = "1--4",
  year = 1992,
  pages = "259-268",
} 





@Article{osher-sethian-levelsets,
  author =	"S. Osher and J. Sethian",
  year = 	"1988",
  title =	"Fronts Propagating with Curvature-Dependent Speed:
		 Algorithms Based on {H}amilton-{J}acobi Formulations",
  journal =	"Journal of Computational Physics",
  volume =	"79",
  pages =	"12--49",
}



@ARTICLE{cohen-cohen-pami,
  author       = {L. D. Cohen and I. Cohen},
  title        = {Finite {E}lement {M}ethods for {A}ctive {C}ontour {M}odels and {B}alloons for {2-D} and {3-D} {I}mages.},
  journal      = pami,
  volume       = {15},
  page         = 11,
  year         = 1993,
}




@inproceedings{CoKi1996,
  author    = {Laurent Cohen and Ron Kimmel},
  title     = {Regularization Properties for Minimal Geodesics of a Potential Energy},
  booktitle = {ICAOS},
  year      = {1996},
}




@Book{zisserman-visual,
  author =	"A. Blake and A. Zisserman",
  title =	"Visual Reconstruction",
  year = 	"1987",
  publisher =	"MIT Press",
  address =	"Cambridge, MA",
}

@Article{MumfordShah89,
  author="D. Mumford and J. Shah",
  title="Optimal Approximations by Piecewise Smooth Functions 
and Associated Variational Problems",
  journal={Communications on Pure and Applied Mathematics},
  year = 	 "1989",
  volume = 	 "XLII",
  number = 	 "4",
  OPTpages = 	 "",
  OPTmonth = 	 "",
  OPTnote = 	 "",
  OPTannote = 	 ""
}


@article{cohen-balloons,
 author = {L.D. Cohen},
 title = {On active contour models and balloons},
 journal = {CVGIP: Image Underst.},
 volume = {53},
 number = {2},
 year = {1991},
 pages = {211--218},
 publisher = {Academic Press, Inc.},
 address = {Orlando, FL, USA},
 }
 
 
@Article{caselles-geometric,
  title =	"A Geometric Model for Active Contours in Image Processing",
  author =	"V. Caselles and F. Catt\'e and T. Coll and F. Dibos",
  pages =	"1--31",
  year = 	"1993",
  volume =	"66",
  number =	"1",
  journal =	"Numerische Mathematik",
}

@inproceedings{malladi-front-segmentation,
 author = {R. Malladi and J. A. Sethian},
 title = {A Real-Time Algorithm for Medical Shape Recovery},
 booktitle = {Proc. ICCV '98},
 year = {1998},
 isbn = {81-7319-221-9},
 pages = {304},
 publisher = {IEEE Computer Society},
 address = {Washington, DC, USA},
 }


@Article{malladi-shape-modeling-fm,
  pages =	"9389--9392",
  year = 	"1996",
  title =	"An $O(N \log(N))$ Algorithm for Shape Modeling",
  author =	"R. Malladi and J. A. Sethian",
  volume =	"93",
  journal =	pnas,
}

@article{overgaard,
        AUTHOR = "Overgaard, N.C. and Solem, J.E.",
        TITLE = "Separating Rigid Motion for Continuous Shape Evolution",
        JOURNAL = {ELCVIA : Electronic Letters on Computer Vision and Image Analysis},
        VOLUME = "6",
        YEAR = "2007",
        NUMBER = "2",
        MONTH = "September",
        PAGES = "1-8",
}

@article{Fuchs,
 author = {Fuchs, Matthias and J\"{u}ttler, Bert and Scherzer, Otmar and Yang, Huaiping},
 title = {Shape Metrics Based on Elastic Deformations},
 journal = {J. Math. Imaging Vis.},
 volume = {35},
 issue = {1},
 month = {September},
 year = {2009},
 issn = {0924-9907},
 pages = {86--102},
 numpages = {17},
 publisher = {Kluwer Academic Publishers},
 address = {Norwell, MA, USA},
 keywords = {Elastic deformation, Shape metric, Shape modeling, Shape space}
} 
%%%%%%%%%%%%%%%%%%%%%%% Riemannian tools %%%%%%%%%%%%
@incollection{Arsigny06,
  author = {Arsigny, V. and Commowick, O. and Pennec, X. and Ayache, N.},
  year = {2006},
  title = {A {Log-Euclidean} framework for statistics on diffeomorphisms},
  booktitle = {Medical {I}mage {C}omputing and {C}omputer-{A}ssisted {I}ntervention,  R. Larsen, M. Nielsen, and J. Sporring, eds., Lecture {N}otes in {C}omput. {S}ci.}, 
  volume = {4190},
  publisher = {Springer-Verlag, Berlin}, 
  editor = {},
  pages = {924--931}, 
}


@ARTICLE{2013arXiv1305.6295A,
   author = {{Arnaudon}, M. and {Miclo}, L.},
    title = "{A stochastic algorithm finding generalized means on compact manifolds}",
  journal = {Preprint arXiv:1305.6295},
   eprint = {1305.6295},
     year = 2013,
    month = may,
}

@article {ghys,
    AUTHOR = {Ghys, {\'E}.},
     TITLE = {Groups acting on the circle},
   JOURNAL = {Enseign. Math. (2)},
  FJOURNAL = {L'Enseignement Math\'ematique. Revue Internationale. IIe
              S\'erie},
    VOLUME = {47},
      YEAR = {2001},
    NUMBER = {3-4},
     PAGES = {329--407},
      ISSN = {0013-8584},
     CODEN = {ENMAAR},
   MRCLASS = {37C85 (37E10 57S05)},
  MRNUMBER = {1876932 (2003a:37032)},
MRREVIEWER = {Grant Cairns},
}

@ARTICLE{Arsigny:Siam:07,
AUTHOR = {V. Arsigny and P. Fillard and X. Pennec and N. Ayache},
JOURNAL = {SIAM Journal on Matrix Analysis and Applications},
TITLE = {Geometric Means in a Novel Vector Space Structure on Symmetric Positive-Definite Matrices},
YEAR = 2007,
NUMBER = 1,
PAGES = {328--347},
VOLUME = 29,
DOI = {10.1137/050637996},
KEYWORDS = {DT-MRI, Tensors, {Riemannian} geometry, Lie groups, interpolation, Log-Euclidean metrics},
URL = {http://www.inria.fr/sophia/asclepios/Publications/Vincent.Arsigny/Arsigny_SIAM_tensors_07.pdf},
URL-PUBLISHER ={http://www.siam.org/journals/simax/29-1/63799.html},
URL-HAL = {http://hal.inria.fr/} 
}

@article{Azagra,
year={2005},
issn={1660-5446},
journal={Mediterranean Journal of Mathematics},
volume={2},
number={4},
doi={10.1007/s00009-005-0056-4},
title={Proximal Calculus on {Riemannian} Manifolds},
url={http://dx.doi.org/10.1007/s00009-005-0056-4},
publisher={Birkhäuser-Verlag},
keywords={49J52; 58E30; 58C30; 47H10; Proximal subdifferential; {Riemannian} manifold; variational principle; mean value theorem},
author={Azagra, D. and Ferrera, J.},
pages={437-450},
language={English}
}