@string {icassp = "Proc. IEEE Int. Conf. Acoust., Speech, and Signal Proc."}
@string {icip = "Proc. IEEE Int. Conf. Image Proc."}
@string {icc = "Proc. IEEE Int. Conf. Commun."}
@string {iscas = "Proc. IEEE Int. Symp. Circ. and Syst."}
@string {globecom = "Proc. IEEE Glob. Telecommun. Conf."}
@string {pvw = "Abstr. Second Int. Workshop on Packet Video"}
@string {spie = "Proc. SPIE Conf. on Vis. Commun. and Image Proc."}
@string {assp = "IEEE Trans. Acoust., Speech, and Signal Proc."}
@string {tsp = "IEEE Trans. Signal Proc."}
@string {tip = "IEEE Trans. Image Proc."}
@string {asspmag = "IEEE ASSP Mag."}
@string {aspmag = "IEEE Sig. Proc. Mag."}
@string {com = "IEEE Trans. Commun."}
@string {jsac = "IEEE J. on Sel. Areas in Commun."}
@string {cas = "IEEE Trans. Circ. and Syst."}
@string {cirsysvideo = "IEEE Trans. Circ. and Syst. for Video Tech."}
@string {pami = "IEEE Trans. Patt. Anal. and Mach. Intell."}
@string {brc = "IEEE Trans. Broadcast."}
@string {cons = "IEEE Trans. Cons. Electr."}
@string {educ = "IEEE Trans. Educ."}
@string {info = "IEEE Trans. Info. Theory"}
@string {ieee = "Proc. IEEE"}
@string {sp = "Signal Proc."}
@string {siam = "SIAM J. of Math. Anal."}
@string {ellet = "Electr. Letters"}
@string {cpam = "Commun. on Pure and Appl. Math."}
@string {improc = "IEEE Trans. Image Proc."}
@string {ams = "Trans. Amer. Math. Soc."}
@string {acha = "J. of Appl. and Comput. Harmonic Analysis"}
@string {bstj = "Bell System Tech. J."}
@string {astat = "Annals of Stat."}
@string{ijcv = "International Journal of Computer Vision"}
@string{mms = "SIAM Multiscale Modeling and Simulation"}
@string{tog = "ACM Transactions on Graphics"}
@string{jmiv = "Journal of Mathematical Imaging and Vision"}

 @article{a,
    author = {K. Ni and X. Bresson and T.F. Chan  and S. Esedoglu},
    journal = {International {J}ournal of {C}omputer {V}ision},
    volume = {84},
    pages = {97--111},
    year = {2009},
    title = {Local histogram based segmentation using the {W}asserstein distanc}
  } 
  
 @article{b,
    author = {J. Kim and J.W. Fisher and A. Yezziand and M. Cetin and A.S. Willsky},
    journal = {{IEEE} {T}rans. {I}mage {P}roc.},
    volume = {14},
    pages = {486--502},
    year = {2005},
    title = {A nonparametric statistical method for image segmentation using information theory and curve evolution}
  } 
  
   @article{c,
    author = {A. Herbulot and S. Jehan Besson and S. Duffner and M. Barlaud and G. Aubert},
    journal = {Journal of
	{M}athematical {I}maging and {V}ision
},
    volume = {25},
    pages = {365--386},
    year = {2006},
    title = {Segmentation
	of vectorial image features using shape gradients and information measures
}
  } 
  
   @article{d,
    author = {G. Gilboa and S. Osher},
    journal = {{SIAM} {M}ultiscale {M}odeling and {S}imulation},
    volume = {6},
    pages = {595--630},
    year = {2007},
    title = {Nonlocal linear image regularization and supervised segmentation}
  } 
  
   @article{e,
    author = {Tom Vercauteren and  Xavier Pennec and Aymeric Perchant and Nicholas Ayache},
    journal = {Neuro{I}mage},
    volume = {45},
    number={1, supplement 1},
    pages = {S61--S72},
    year = {2009},
    title = {Diffeomorphic Demons: Efficient Non-parametric Image Registration}
  } 
  
   @article{f,
    author = {J. Ashburner},
    journal = {Neuro{I}mage},
    volume = {38},
    number = {1},
    pages = {95--113},
    year = {2007},
    title = {A fast diffeomorphic image registration algorithm}
  } 
  
  @Article{SotirasDP13,
	  title =	"Deformable Medical Image Registration: {A} Survey",
	  author =	"A. Sotiras and C. Davatzikos and N. Paragios",
	  journal =	"IEEE Trans. Med. Imaging",
	  year = 	"2013",
	  number =	"7",
	  volume =	"32",
	  bibdate =	"2013-07-02",
	  pages =	"1153--1190",
	}




@article{Brezis,
    author = {H. Brezis},
    journal = {Springer},
    year = {2010},
    title = {Functional {A}nalysis, {S}obolev  {S}paces, and {P}artial {D}ifferential {E}quations},
  }  
  
%%%%%%%Biblio non-rigide, piecewise-rigid registration (computer vision) 

@article{currents-matching,
    author = {M. Vaillant  and  J. Glaun\`{e}s},
    journal = {Information Processing in Medical Imaging, Lecture Notes in Computer Science},
    volume = {3565},
    year = {2005},
    pages = {381--392},
    title = {Surface matching via currents }
  }  
  
  @article{rkhs,
    author = {Wahba, G.},
    journal = {CBMS-NSF Regional conference series. SIAM},
    year = {1990},
    title = {Spline Models for Observational Data }
  } 
  
 @article{rkhs2,
    author = {N. Aronszajn},
    journal = {Trans. Am. Math. Soc.},
    volume = {68},
    number = 3,
    pages = {337--404},
    year = {1950},
    title = {Theory of reproducing kernels}
  } 


@article{citeulike,
    author = {Chen, Y. and Medioni, G.},
    journal = {Proc. Conf. on Robotics and Automation},
    location = {Sacramento, CA, USA},
    pages = {2724--2729},
    priority = {2},
    title = {Object modeling by registration of multiple range images},
    year = {1991}
}
@article{Besl-1992,
 author = {Besl, Paul J. and McKay, Neil D.},
 title = {A Method for Registration of 3-D Shapes},
 journal = {IEEE Trans. Pattern Anal. Mach. Intell.},
 issue_date = {February 1992},
 volume = {14},
 number = {2},
 month = feb,
 year = {1992},
 issn = {0162-8828},
 pages = {239--256},
 numpages = {18},
 url = {http://dx.doi.org/10.1109/34.121791},
 doi = {10.1109/34.121791},
 acmid = {132022},
 publisher = {IEEE Computer Society},
 address = {Washington, DC, USA},
 keywords = {3D shape registration, computational geometry, convergence, convergence
of numerical methods, geometric entity, geometric model, iterative closest point,
iterative methods, mean-square distance metric, optimisation, pattern recognition,
picture processing, point set registration},
}


@article{chang08articulated,
        author = {Chang, W.  and Zwicker, M. },
        title = {Automatic Registration for Articulated Shapes},
        journal = {Computer Graphics Forum (Proceedings of SGP 2008)},
        volume = {27},
        number = {5},
        year = {2008},
        pages = {1459--1468},
        address = {Copenhagen, Denmark}
}



@article{Shelton-2000,
 author = {Shelton, C.R.},
 title = {Morphable Surface Models},
 journal = {Int. J. Comput. Vision},
 issue_date = {June 2000},
 volume = {38},
 number = {1},
 month = jun,
 year = {2000},
 issn = {0920-5691},
 pages = {75--91},
 numpages = {17},
 url = {http://dx.doi.org/10.1023/A:1008170818506},
 doi = {10.1023/A:1008170818506},
 publisher = {Kluwer Academic Publishers},
}



@inproceedings{Hahnel-2003,
 author = {Hahnel, Dirk and Thrun, Sebastian and Burgard, Wolfram},
 title = {An extension of the ICP algorithm for modeling nonrigid objects with
mobile robots},
 booktitle = {Proceedings of the 18th international joint conference on Artificial
intelligence},
 series = {IJCAI'03},
 year = {2003},
 location = {Acapulco, Mexico},
 pages = {915--920},
 numpages = {6},
 url = {http://dl.acm.org/citation.cfm?id=1630659.1630791},
 acmid = {1630791},
 publisher = {Morgan Kaufmann Publishers Inc.},
 address = {San Francisco, CA, USA},
}


%%%%%% Optimization and BV2 Functions%%%%%%%%%%
@Article{convex-optimization,
	title = "Convex Optimization",
	author = "S. Boyd and L. Vandenberghe",
	journal = "Cambridge University Press",
	year = "2004",
}


@Article{Clarke,
	title = "On the inverse function theorem",
	author = "F.H. Clarke",
	journal = "Pacific J. Math.",
	volume = "64",
	number = 1,
	year = "1976",
	pages = "97-102",
}

@Article{EG,
	title = "Measure theory and fine properties of functions",
	author = "L. Evans and R.F. Garipey",
	journal = "CRC Press",
	year = "1992",
}
@Article{Nocedal,
	title = "Numerical Optimization",
	author = "J. Nocedal and S.J. Wright",
	journal = "Springer",
	year = "1999",
}

@Article{ Dal,
	title = "An {I}ntroduction to {$\Gamma$}-{C}onvergence",
	author = "G. Dal Maso",
	journal = "Progress in Nonlinear Differential Equations and their Applications ",
	volume = "8",
	year = "1993",
	journal1 = {Birkh{\"a}user}
}


@Article{ AFP,
	title = "Functions of {B}ounded {V}ariation and {F}ree {D}iscontinuity {P}roblems",
	author = "L. Ambrosio and N. Fusco and D. Pallara",
	journal = "Oxford Science Publications",
	year = "2000"
}

@Article{Demengel,
	title = "Fonctions \`a hessien born\'e",
	author = "F. Demengel",
	journal = "Annales de l'Institut Fourier",
    volume =	"34",
    year = 	"1984",
    number =	"2",
    pages =	"155-190",

}

@Article{bergounioux-bv2,
  author =	"M. Bergounioux and L. Piffet",
  title =	"A Second-Order Model for Image Denoising",
  journal =	"Set Valued and Variational Analysis",
  volume =	"18",
  year = 	"2010",
  number =	"3",
  pages =	"277--306",
}

%%%%%%% Optimization on manifolds %%%%%%%

@Article{Opt-manifolds,
  author =	"P.-A. Absil and  R. Mahony and R. Sepulchre",
  title =	"Optimization on manifolds: {M}ethods and
applications",
  journal =	"{R}ecent {A}dvances in {O}ptimization and its {A}pplications in {E}ngineering. {T}he 14th {B}elgian-{F}rench-{G}erman {C}onference on {O}ptimization. {S}pringer",
  year = 	"2010",
  pages =	"125-144",
}

@Article{Ring-opti-manifolds,
  author =	"W. Ring and  B. Wirth",  
  title =	"Optimization methods on {R}iemannian manifolds and their application to shape
space",
  journal =	"SIAM Journal on Optimization",
  volume =	"22(2)",
  year = 	"2012",
  pages =	"596--627",
}

@Article{AGS,
  author =	"L. Ambrosio and N. Gigli and L. Savar\'e",
  title =	"{G}radient {F}lows in {M}etric {S}paces and in {S}paces of the {P}robability {M}easures",
  journal =	"Birkh{\"a}user",
  year = 	"2008",

}
%%%%%%%%%%%%%%%% Optimization banach sapces%%%%%%%%%%

@Article{Ulbrich,
  author =	"M. Hinze and R. Pinnau and  M. Ulbrich and S. Ulbrich",
  title =	" Optimization with {PDE}-{C}onstraints",
  journal =	"Springer ",
  year = 	"2008",
}


@Article{prox-banach-1,
  author =	"Y. I. Alber and  R. S. Burachik and  A. N. Iusem",
  title =	"A proximal point method for nonsmooth convex optimization problems in Banach spaces",
  journal =	"Abstract and Applied Analysis ",
  volume =	"2",
  number= "1--2",
  year = 	"1997",
  pages =	"97--120",
}

@Article{prox-banach-2,
  author =	"K. Aoyama and  F. Kohsaka and W. Takahashi
Abstract.",
  title =	"Proximal {P}oint {M}ethods {F}or {M}onotone {O}perators
{I}n {B}anach {S}paces",
  journal =	"Taiwanese {J}ournal of {M}athematics",
  volume =	"15",
  number= "1",
  year = 	"2011",
  pages =	"259--281",
}

%%%%%%%Spaces of curves and Riemannian  metrics%%%%%%%%%%%

@Article{FX-ref,
  author =	"L. Risser and F.-X. Vialard and R. Wolz and M. Murgasova and D. Holm  and D. Rueckert",
  title =	"Simultaneous Multiscale Registration using Large Deformation Diffeomorphic Metric Mapping",
  journal =	"IEEE Transactions on Medical Imaging",
  pages = "1746--1759",
  volume = 30,
  number = 10,
  year = 	"2011",
}


@Article{Glaunes-matching,
  author =	"J. Glaunes and A. Trouv\'{e} and L. Younes",
  title =	"Diffeomorphic matching of distributions : A
new approach for unlabelled point-sets and sub-manifolds matching",
  journal =	"Proc. of CVPR'04 ",
  volume = 2,
  pages = "712--718",
  year = 	"2004",
}


@Article{Younes-explicit-geodesic,
  author =	"L. Younes and P.W. Michor and  J. Shah and D. Mumford",
  title =	"A metric on shape space with explicit geodesics",
  journal =	"Rend. Lincei Mat. Appl.",
  volume =	"19",
  number= "1",
  year = 	"2008",
  pages =	"25--57",
}

@Article{Mennucci-filtering,
  author =	"G. Sundaramoorthi and A.C.G. Mennucci and S. Soatto and A. Yezzi",
  title =	"A new geometric metric in the space of curves, and applications to tracking deforming objects by
prediction and filtering",
  journal =	"SIAM J. Imaging Sciences",
  volume = 4,
  number = 1,  
	pages = "109--145", 
  year = 	"2011",

}

@Article{Mennucci-Stiefel-manifolds,
  author =	" P. Harms and A. Mennucci",
  title =	"Geodesics in infinite dimensional {S}tiefel and {G}rassmann manifolds",
  journal =	"Compte Rendus de l'Acad\'amie des Sciences",
  Volume = 350, 
  number = "15?16", 
  pages = "773--776",
  year = 	"2012",
}


@Article{Kilian-shape-space,
  author =	"M. Kilian and N.J. Mitra  and H. Pottmann",
  title =	"Geometric modeling in shape space",
  journal =	"ACM Transactions on Graphics",
  volume =	"26",
  number = 3,
  year = 	"2007",
  pages =	" 1--8",
}

@Article{Mi-Mum,
  author =	"P.W. Michor and D. Mumford ",
  title =	"Riemannian geometries on spaces of plane
curves ",
  journal =	"J. Eur. Math. Soc. (JEMS)",
  volume =	" 8",
  year = 	"2006",
  pages =	"1--48",
}


@Article{MaMi,
  author =	"P.W. Michor and D. Mumford",
  title =	"Riemannian geometries on spaces of plane curves",
  journal =	"J. Eur. Math. Soc. ",
  volume =	"8",
  number = 1,
  year = 	"2006",
  pages =	"1-48",
}


@Article{charpiat-generalized-gradient,
  author =	"G. Charpiat and P. Maurel and J. P. Pons and R.
		 Keriven and O. D. Faugeras",
  title =	"Generalized {G}radients: {P}riors on {M}inimization {F}lows",
  journal =	ijcv,
  volume =	"73",
  year = 	"2007",
  number =	"3",
  month =	jul,
  pages =	"325--344",
}

@Article{sundaramoorthi-sobolev-active,
  author =	"G. Sundaramoorthi and A. J. Yezzi and A. C. Mennucci",
  title =	"Sobolev {A}ctive {C}ontours",
  journal =	ijcv,
  volume =	"73",
  year = 	"2007",
  number =	"3",
  month =	jul,
  pages =	"345--366",
}
@Article{sundaramoorthi-new-possibilities,
  author =	"G. Sundaramoorthi and A. J. Yezzi and A. C. Mennucci
		 and G. Sapiro",
  title =	"New {P}ossibilities with {S}obolev {A}ctive {C}ontours",
  journal =	"International Journal of Computer Vision",
  volume =	"84",
  year = 	"2009",
  number =	"2",
  month =	aug,
  pages =	"113--129",
}
@Article{Yezzi-H2,
  author =	"G. Sundaramoorthi and A. J. Yezzi and A. C. Mennucci",
  title =	"Properties of {S}obolev-type metrics  in the space of curves",
  journal =	"Interfaces and Free Boundaries",
  volume =	"10",
  year = 	"2008",
  number ="4",
  pages =	" 423--445",
}

@CONFERENCE{Niethammer_GeodReg,
  author = {Niethammer, M. and Huang, Y and Vialard, F.-X.},
  title = {Geodesic Regression for Image Time-Series},
  booktitle = {MICCAI},
  year = {2011},
  volume = 14, 
  pages = "655--62",
  owner = {fvialard},
  timestamp = {2012.06.07}
}

@ARTICLE{2010.03.20,
  author = {A. Trouv{\'e} and F.-X. Vialard},
  title = {Shape splines and stochastic shape evolutions: A second order point
	of view},
  journal = {Quarterly of Applied Mathematics},
  volume = 70,
  pages = "219--251",  
  year = {2012},
  owner = {fvialard},
  timestamp = {2012.03.09}
}




%%%%%%%%%%Segmentation and registration %%%%%%%%

@Article{CV-01,
  pages =	"266-277",
  year = 	"2001",
  title =	"Active contours without edges",
  author =	"T. Chan and L. Vese",
  volume =	"10",
  number =	"2",
  journal =	"IEEE Transactions on Image Processing",
}

@Article{Kass88Snakes,
  author =	{M. Kass and A. Witkin and D. Terzopoulos},
  title =	{Snakes: Active Contour Models},
  journal = 	ijcv,
  year = 	1988,
  month =	jan,
  volume = 	1,
  number =	4,
  pages = 	{321--331}
}

@article{caselles-active-contours,
	author = "V. Caselles and R. Kimmel  and G. Sapiro",
	title = "Geodesic Active Contours",
	volume = 22,
	number = 1,
	journal = ijcv,
	year = 1997,
	pages = 	"61--79",
}


@Article{Younes-elastic-distance,
  author =	"L. Younes",
  title =	"Computable elastic distances between shapes",
  journal =	"SIAM Journal of Applied
Mathematics",
  volume =	"58(2)",
  year = 	"1998",
  pages =	"565--586",
}

@Article{Pons-points-correspondence,
  author =	"J.-P. Pons and  G. Hermosillo and  R. Keriven and O. Faugeras ",
  title =	"How to deal with point
correspondences and tangential velocities in the level set framework",
  journal =	"International Conference on Computer Vision",
  volume =	"2",
  year = 	"2003",
  pages =	"894–899",
}


%%%%%%

@Article {Mennucci-CIME,
author = {A.C. Mennucci },
title = {Level Set and {PDE} based Reconstruction Methods: Applications
to Inverse Problems and Image Processing},
journal = {Lecture Notes in Mathematics, Lectures given at the C.I.M.E. Summer School held in Cetraro,
8-13 September 2008, Springer-Verlag},
year = {2013},}




@Article{RF-geometry,
  author =	"D. Bao and S.S. Chern and Z. Shen",
  title =	"An introduction to {R}iemaniann-{F}insler geometry",
  journal =	"Springer-Verlag New York, Inc.",
  year = 	"2000",
}

@Article{charpiat-new-metrics,
  author =	"G. Charpiat and R.
		 Keriven and  J. P. Pons   and O. D. Faugeras",
  title =	"Designing spatially coherent minimizing flows for variational problems based on active contours",
  journal =	"Proc. ICCV",
  pages = "1403--1408",
  volume =  2,
 year = "2005",
}

@Article{Yezzi-Menn-2005a,
  author =	"A. Yezzi and A. Mennucci",
  title =	" Metrics in the space of curves",
 journal ="arXiv:math/0412454v2",
 year = "2005",
}

@Article{Yezzi-Menn-2005b,
  author =	"A. Yezzi and A. Mennucci",
  title =	"Conformal metrics and true ``gradient flows'' for curves",
 journal ="Proc. ICCV",
 volume = 1,
 year = "2005",
  pages =	"913--919",
}


%%%%%%%%%%%%% Active contours%%%%%%%%%%%%%%%%%%%%%%



@Article{Caselles-edge-based,
  author =	{V. Caselles and F. Catte and T. Coll and F. Dibos},
  title =	{A geometric model for edge detection},
  journal = 	"Numerische Mathematik",
  year = 	"1993",
  volume = 	"66",
  pages = 	{1-31}
}
 
@Article{malladi-shape-modeling,
  pages =	"158--175",
  year = 	"1995",
  title =	"Shape Modeling with Front Propagation: {A} Level Set
		 Approach",
  author =	"R. Malladi and J. A. Sethian and B. C. Vemuri",
  volume =	"17",
  number =	"2",
  journal =	pami,
}
%%%region-based energy%%%%% 

@Article{MS-85,
  author =	{D. Mumford and J. Shah},
  title =	{Boundary detection by minimizing functionals},
  journal = 	" Proc. CVPR",
  year = "1985",
}

@Article{MumfordShah89,
  author="D. Mumford and J. Shah",
  title="Optimal Approximations by Piecewise Smooth Functions 
and Associated Variational Problems",
  journal={Communications on Pure and Applied Mathematics},
  year = 	 "1989",
  volume = 	 "XLII",
  number = 	 "4",
}



%%%% complex geometrical information%%%

@article{SY-05,
	author = "G. Sundaramoorthi and A.J. Yezzi",
	title = "More-than-topology-preserving flows for active contours and polygons",
	journal = "ICCV",
	year = "2005",
	pages = 	"1276-1283",
}

@article{GV-07,
	author = "C.L. Guyader and L. Vese",
	title = "Geodesic Active Contours",
	journal = "Self-repelling snakes for topology
segmentation models (Technical Report). UCLA",
	year = "2007",
}

%%%%%%%%%%%matching%%%%%%%%

@article{Younes-04,
	author = " M. Vaillant and M. I Miller and  L. Younes and A. Trouv\'e",
	title = "Statistics on diffeomorphisms via tangent space representations",
	journal = "NeuroImage",
	  volume =	"23",
  number =	"1",
	year = "2004",
	pages ="161--169",
}
%%%%%%%%%%%%%%%%%%%%%%%%%%%%%%%%%%%%%%%%%%%%%%%%%%%%%%%%%%%


@Article{sundaramoorthi-2006,
  author =	"G. Sundaramoorthi and J.D. Jackson and A. J. Yezzi and A. C. Mennucci",
  title =	"Tracking with {S}obolev active contours",
  journal =	"Proc. CVPR",
  year = 	"2006",
  volume =	"1",
  pages =	"674--680",
}



@Article{sundaramoorthi-pami,
  author =	"G. Sundaramoorthi and A. J. Yezzi and A. Mennucci",
  title =	"Coarse-to-{F}ine {S}egmentation and {T}racking {U}sing {S}obolev
		 {A}ctive {C}ontours",
  journal =	pami,
  volume =	"30",
  year = 	"2008",
  number =	"5",
  month =	may,
  pages =	"851--864",
}



%%%%%%%%%%%%%%%%%%%%%%%%%%%%%%%%%%%%%%
@ARTICLE{jacques-dequant,
AUTHOR = {L. Jacques and D. K. Hammond and M. J. Fadili},
TITLE = "Dequantizing Compressed Sensing: When Oversampling and Non-Gaussian Constraints Combine",
JOURNAL = "Preprint",
YEAR =2010
}


@ARTICLE{chambolle-admm,
AUTHOR = {A. Chambolle and T. Pock},
TITLE = "A first-order primal-dual algorithm for convex problems with applications to imaging",
JOURNAL = "Preprint CMAP-685",
YEAR =2010
}

		

@ARTICLE{rof,
  author = "L.I. Rudin and S. Osher and E. Fatemi",
  title = "Nonlinear total variation based noise removal algorithms",
  journal = "Physica D",
  volume = 60,
  number = "1--4",
  year = 1992,
  pages = "259-268",
} 





@Article{osher-sethian-levelsets,
  author =	"S. Osher and J. Sethian",
  year = 	"1988",
  title =	"Fronts Propagating with Curvature-Dependent Speed:
		 Algorithms Based on {H}amilton-{J}acobi Formulations",
  journal =	"Journal of Computational Physics",
  volume =	"79",
  pages =	"12--49",
}



@ARTICLE{cohen-cohen-pami,
  author       = {L. D. Cohen and I. Cohen},
  title        = {Finite {E}lement {M}ethods for {A}ctive {C}ontour {M}odels and {B}alloons for {2-D} and {3-D} {I}mages.},
  journal      = pami,
  volume       = {15},
  page         = 11,
  year         = 1993,
}




@inproceedings{CoKi1996,
  author    = {Laurent Cohen and Ron Kimmel},
  title     = {Regularization Properties for Minimal Geodesics of a Potential Energy},
  booktitle = {ICAOS},
  year      = {1996},
}




@Book{zisserman-visual,
  author =	"A. Blake and A. Zisserman",
  title =	"Visual Reconstruction",
  year = 	"1987",
  publisher =	"MIT Press",
  address =	"Cambridge, MA",
}



@article{cohen-balloons,
 author = {L.D. Cohen},
 title = {On active contour models and balloons},
 journal = {CVGIP: Image Underst.},
 volume = {53},
 number = {2},
 year = {1991},
 pages = {211--218},
 publisher = {Academic Press, Inc.},
 address = {Orlando, FL, USA},
 }
 
 
@Article{caselles-geometric,
  title =	"A Geometric Model for Active Contours in Image Processing",
  author =	"V. Caselles and F. Catt\'e and T. Coll and F. Dibos",
  pages =	"1--31",
  year = 	"1993",
  volume =	"66",
  number =	"1",
  journal =	"Numerische Mathematik",
}

@inproceedings{malladi-front-segmentation,
 author = {R. Malladi and J. A. Sethian},
 title = {A Real-Time Algorithm for Medical Shape Recovery},
 booktitle = {Proc. ICCV '98},
 year = {1998},
 isbn = {81-7319-221-9},
 pages = {304},
 publisher = {IEEE Computer Society},
 address = {Washington, DC, USA},
 }


@Article{malladi-shape-modeling-fm,
  pages =	"9389--9392",
  year = 	"1996",
  title =	"An $O(N \log(N))$ Algorithm for Shape Modeling",
  author =	"R. Malladi and J. A. Sethian",
  volume =	"93",
  journal =	pnas,
}

@article{overgaard,
        AUTHOR = "Overgaard, N.C. and Solem, J.E.",
        TITLE = "Separating Rigid Motion for Continuous Shape Evolution",
        JOURNAL = {ELCVIA : Electronic Letters on Computer Vision and Image Analysis},
        VOLUME = "6",
        YEAR = "2007",
        NUMBER = "2",
        MONTH = "September",
        PAGES = "1-8",
}

@article{Fuchs,
 author = {Fuchs, Matthias and J\"{u}ttler, Bert and Scherzer, Otmar and Yang, Huaiping},
 title = {Shape Metrics Based on Elastic Deformations},
 journal = {J. Math. Imaging Vis.},
 volume = {35},
 issue = {1},
 month = {September},
 year = {2009},
 issn = {0924-9907},
 pages = {86--102},
 numpages = {17},
 publisher = {Kluwer Academic Publishers},
 address = {Norwell, MA, USA},
 keywords = {Elastic deformation, Shape metric, Shape modeling, Shape space}
} 


